






@article{gibbs,
author = { James H.   Albert  and  Siddhartha   Chib },
title = {Bayesian Analysis of Binary and Polychotomous Response Data},
journal = {Journal of the American Statistical Association},
volume = {88},
number = {422},
pages = {669-679},
year  = {1993},
publisher = {Taylor & Francis},
doi = {10.1080/01621459.1993.10476321},

URL = { 
        https://www.tandfonline.com/doi/abs/10.1080/01621459.1993.10476321
    
},
eprint = { 
        https://www.tandfonline.com/doi/pdf/10.1080/01621459.1993.10476321
    
}

}


